
@article{BNL:Proton,
	title = {A {Storage} {Ring} {Experiment} to {Detect} a {Proton} {Electric} {Dipole} {Moment}},
	volume = {87},
	issn = {0034-6748, 1089-7623},
	url = {http://arxiv.org/abs/1502.04317},
	doi = {10.1063/1.4967465},
	abstract = {A new experiment is described to detect a permanent electric dipole moment of the proton with a sensitivity of \$10{\textasciicircum}\{-29\}e{\textbackslash}cdot\$cm by using polarized "magic" momentum \$0.7\${\textasciitilde}GeV/c protons in an all-electric storage ring. Systematic errors relevant to the experiment are discussed and techniques to address them are presented. The measurement is sensitive to new physics beyond the Standard Model at the scale of 3000{\textasciitilde}TeV.},
	number = {11},
	urldate = {2018-05-04},
	journal = {Review of Scientific Instruments},
	author = {Anastassopoulos, V. and Andrianov, S. and Baartman, R. and Bai, M. and Baessler, S. and Benante, J. and Berz, M. and Blaskiewicz, M. and Bowcock, T. and Brown, K. and Casey, B. and Conte, M. and Crnkovic, J. and Fanourakis, G. and Fedotov, A. and Fierlinger, P. and Fischer, W. and Gaisser, M. O. and Giomataris, Y. and Grosse-Perdekamp, M. and Guidoboni, G. and Haciomeroglu, S. and Hoffstaetter, G. and Huang, H. and Incagli, M. and Ivanov, A. and Kawall, D. and Khazin, B. and Kim, Y. I. and King, B. and Koop, I. A. and Larsen, R. and Lazarus, D. M. and Lebedev, V. and Lee, M. J. and Lee, S. and Lee, Y. H. and Lehrach, A. and Lenisa, P. and Sandri, P. Levi and Luccio, A. U. and Lyapin, A. and MacKay, W. and Maier, R. and Makino, K. and Malitsky, N. and Marciano, W. J. and Meng, W. and Meot, F. and Metodiev, E. M. and Miceli, L. and Moricciani, D. and Morse, W. M. and Nagaitsev, S. and Nayak, S. K. and Orlov, Y. F. and Ozben, C. S. and Park, S. T. and Pesce, A. and Pile, P. and Polychronakos, V. and Podobedov, B. and Pretz, J. and Ptitsyn, V. and Ramberg, E. and Raparia, D. and Rathmann, F. and Rescia, S. and Roser, T. and Sayed, H. Kamal and Semertzidis, Y. K. and Senichev, Y. and Sidorin, A. and Silenko, A. and Simos, N. and Stahl, A. and Stephenson, E. J. and Stroeher, H. and Syphers, M. J. and Talman, J. and Talman, R. M. and Tishchenko, V. and Touramanis, C. and Tsoupas, N. and Venanzoni, G. and Vetter, K. and Vlassis, S. and Won, E. and Zavattini, G. and Zelenski, A. and Zioutas, K.},
	month = nov,
	year = {2016},
	note = {arXiv: 1502.04317},
	keywords = {High Energy Physics - Experiment, Physics - Accelerator Physics},
	pages = {115116},
	annote = {Comment: 8 pages, 3 figures},
	file = {arXiv\:1502.04317 PDF:/home/alexa/Zotero/storage/F6XLRB9C/Anastassopoulos et al. - 2016 - A Storage Ring Experiment to Detect a Proton Elect.pdf:application/pdf;arXiv.org Snapshot:/home/alexa/Zotero/storage/UJD9WA3N/1502.html:text/html}
}