
@article{Perepelitsa:Baryogenesis,
	title = {Sakharov {Conditions} for {Baryogenesis}},
	url = {http://phys.columbia.edu/~dvp/dvp-sakharov.pdf},
	language = {en},
	author = {Perepelitsa, Dennis V},
	month = nov,
	year = {2008},
	pages = {3},
	file = {Perepelitsa - Sakharov Conditions for Baryogenesis.pdf:/home/alexa/Zotero/storage/PYTPT2V6/Perepelitsa - Sakharov Conditions for Baryogenesis.pdf:application/pdf}
}