
@unpublished{COSY:BeamPhysMan,
	address = {Michigan State University},
	type = {Technical {Report}},
	title = {{COSY} {INFINITY} 10.0 {Beam} {Physics} {Manual}},
	url = {http://cosy.pa.msu.edu/manual/COSYBeamMan100.pdf},
	language = {English},
	urldate = {2017-03-20},
	author = {{Martin Berz} and {Kyoko Makino}},
	month = oct,
	year = {2015},
	file = {Martin Berz and Kyoko Makino - 2015 - COSY INFINITY 10.0 Beam Physics Manual.pdf:/home/alexa/Zotero/storage/PY4UH93E/Martin Berz and Kyoko Makino - 2015 - COSY INFINITY 10.0 Beam Physics Manual.pdf:application/pdf}
}