
@mastersthesis{Eversmann:Thesis,
	address = {Aachen},
	title = {Analysis of the {Spin} {Coherence} {Time} at the {Cooler} {Synchrotron} {COSY}},
	url = {http://wwwo.physik.rwth-aachen.de/fileadmin/user_upload/www_physik/Institute/Inst_3B/Mitarbeiter/Joerg_Pretz/DEMasterarbeit.pdf},
	urldate = {2017-02-28},
	school = {Rheinisch-Westfaelische Technische Hochschule Aachen (RWTH)},
	author = {{Dennis Eversmann}},
	year = {2013},
	file = {DEMasterarbeit.pdf:/home/alexa/Zotero/storage/B4ASK5IJ/DEMasterarbeit.pdf:application/pdf}
}