
@misc{JEDI:Intro,
	title = {{JEDI} {Collaboration}},
	url = {http://collaborations.fz-juelich.de/ikp/jedi/about/introduction.shtml},
	urldate = {2019-01-11},
	file = {JEDI Collaboration:/home/alexa/Zotero/storage/VRCK2HBW/introduction.html:text/html}
}