
@incollection{Pauli:CPT,
	title = {Exclusion principle, {Lorentz} group and reflexion of space-time and charge},
	url = {http://adsabs.harvard.edu/abs/1955nbdp.book...30P},
	abstract = {Not Available},
	urldate = {2019-01-10},
	booktitle = {Niels {Bohr} and the {Development} of {Physics}},
	author = {Pauli, W.},
	year = {1955},
	pages = {30}
}