
@misc{Pretz:Presentation,
	address = {Groningen, Germany},
	title = {Measurement of {Permanent} {Electric} {Dipole} {Moments} of {Proton}, {Deuteron} and {Light} {Nuclei} in {Storage} {Rings}},
	url = {http://collaborations.fz-juelich.de/ikp/jedi/public_files/usual_event/2012-06-18_J.Pretz_SSP2012.pdf},
	language = {English},
	author = {{Joerg Pretz}},
	month = jun,
	year = {2012}
}