
@article{Ramsey:EDM,
	title = {Electric-dipole moments of elementary particles},
	volume = {45},
	url = {http://puhep1.princeton.edu/~kirkmcd/examples/EP/ramsey_rpp_45_95_82.pdf},
	language = {en},
	journal = {Reports on Progress in Physics},
	author = {{Norman F Ramsey}},
	year = {1982},
	pages = {19},
	file = {Ramsey - Electric-dipole moments of elementary particles.pdf:/home/alexa/Zotero/storage/YFAT7QVU/Ramsey - Electric-dipole moments of elementary particles.pdf:application/pdf}
}