@inproceedings{Senichev:IPAC13,
AUTHOR={Senichev, Yury and Zyuzin, Denis and Maier, R and Kulabukhova, N},
TITLE={SPIN TUNE DECOHERENCE EFFECTS IN ELECTRO- AND  MAGNETOSTATIC STRUCTURES},
YEAR={2013},
BOOKTITLE={Proceedings of IPAC2013},
ADDRESS={Shanghai, China}
}