
@inproceedings{Senichev:Lattices,
	address = {Shanghai, China},
	title = {{INVESTIGATION} {OF} {LATTICE} {FOR} {DEUTERON} {EDM} {RING}},
	isbn = {978-3-95450-136-6},
	url = {http://accelconf.web.cern.ch/AccelConf/ICAP2015/papers/modbc4.pdf},
	booktitle = {Modeling of current and future machnies},
	author = {{Yurij Senichev} and {S. Andrianov} and {Andrey Ivanov} and {Stanislav Chekmenev} and {Martin Berz} and {Eremey Valetov}},
	year = {2015},
	keywords = {разберись},
	file = {MODBC4.pdf:/home/alexa/Zotero/storage/LXD6SL22/MODBC4.pdf:application/pdf}
}