
@techreport{BNL:Deuteron2008,
title={AGS Proposal: Search for a permanent electric dipole moment of the deuteron nucleus
at the $10^{-29}~e\cdot cm$ level.},
url={https://www.bnl.gov/edm/files/pdf/deuteron_proposal_080423_final.pdf},
institution={BNL},
author={D. Anastassopoulos and others},
year={2008}
}

@article{Mane:SpinWheel,
title={Spin Wheel},
url = {http://arxiv.org/abs/1509.01167},
journal = {arXiv:1509.01167 [physics]},
author={S.R. Mane},
month={Sep},
year={2015}
}

@techreport{BNL:Proton,
title={A Storage Ring Experiment to Detect a Proton Electric Dipole Moment},
volume={87},
number={11},
issn={0034-6748, 1089-7623},
doi={10.1063/1.4967465},
url={http://arxiv.org/abs/1502.04317},
journal={Review of Scientific Instruments},
author={V. Anastassopoulos and others},
month={Nov},
year={2016}
}

