@article{Stats,
	title = {Statistical precision in charged particle {EDM} search in storage rings},
	author = {A. E. Aksentev and Y. V. Senichev},
	journal = {Journal of Physics: Conference Series},
	volume = {941},
	year = {2017},
	month = {12},
	publisher = {{IOP} Publishing},
	url = {http://stacks.iop.org/1742-6596/941/i=1/a=012083},
	doi = {10.1088/1742-6596/941/1/012083},	
	abstract = {Currently, the ``J\"ulich Electric Dipole moment Investigations'' (JEDI) collaboration, together with present EDM experiments at the COSY ring, is developing the conceptual design of a ring specifically for the search for the deuteron electric dipole moment (dEDM). One of the main problems in the EDM study is the spin precession in the vertical plane caused by the non-ideal positioning of accelerator elements through the magnetic dipole moment (MDM). The idea of how to separate the EDM from MDM is based on measuring the spin tune in different processes and comparing the results. The high precision of the spin tune measurement is achieved by collecting huge amounts of data. The JEDI collaboration aims at detecting the EDM at a level better than 10$^{-29}~e\cdot$cm, for which one requires a precision in the frequency estimate 10$^{-9}$ rad/sec. An estimate’s statistical precision is conditional on the following factors: the total measurement time, determining the independent variable spread; measurement error; temporal modulation and spacing of sample points. In this paper we analyze the interplay between these factors, and estimate the best achievable precision under given conditions.}
}

@inproceedings{Aksentev:IPAC17,
	title = {Model of Statistical Errors in the Search for the Deuteron {EDM} in the Storage Ring},
	author = {Aksentyev, Alexander and Senichev, Yurij},
	url = {http://accelconf.web.cern.ch/AccelConf/ipac2017/doi/JACoW-IPAC2017-TUPVA079.html},
	doi = {10.18429/JACoW-IPAC2017-TUPVA079},	
	eventtitle = {8th Int. Particle Accelerator Conf. ({IPAC}'17)},
	location = {Copenhagen, Denmark},
	eventdate = {2017-05-14/2017-05-19},
	booktitle = {Hadron Accelerators},
	pages = {2258--2260},
	publisher = {{JACOW}, Geneva, Switzerland},
	isbn = {978-3-95450-182-3}
}

@inproceedings{Aksentev:IPAC19:SMP,
	title = {Spin Motion Perturbation Effect on the EDM Statistic
	in the Frequency Domain Method},
	author = {A. Aksentyev and Y. Senichev},
	eventtitle = {10th Int. Particle Accelerator Conf. ({IPAC}'19)},
	location = {Melbourne, Australia},
	eventdate = {2019-05-19/2019-05-24},
	booktitle = {Hadron Accelerators}
}

@inproceedings{Aksentev:IPAC19:DECOH,
	title = {Spin decoherence in the Frequency Domain Method for the search of a particle EDM},
	author = {A. Aksentyev and Y. Senichev},
	eventtitle = {10th Int. Particle Accelerator Conf. ({IPAC}'19)},
	location = {Melbourne, Australia},
	eventdate = {2019-05-19/2019-05-24},
	booktitle = {Hadron Accelerators}
}

@inproceedings{Aksentev:IPAC19:GFF,
	title = {Simulation of the Guide Field Flipping Procedure for the Frequency Domain Method},
	author = {A. Aksentyev and Y. Senichev},
	eventtitle = {10th Int. Particle Accelerator Conf. ({IPAC}'19)},
	location = {Melbourne, Australia},
	eventdate = {2019-05-19/2019-05-24},
	booktitle = {Hardon Accelerators}
}

@inproceedings{Aksentev:LaPlas17,
	title = {Статистическая точность при поиске ЭДМ заряженных частиц в накопительных кольцах},
	author = {А.Е. Аксентьев and Ю.В. Сеничев},
	eventtitle = {III Международная конференция ``Лазерные, плазменные исследования и технологии''},
	location = {Москва, Россия},
	eventdate = {2017-01-24/2017-01-27},
	booktitle = {Ускорители заряженных частиц}
}

@inproceedings{Aksentev:LaPlas18,
	title = {Моделирование спин-орбитальной динамики пучка в накопительном кольце},
	author = {А.Е. Аксентьев},
	eventtitle = {IV Международная конференция ``Лазерные, плазменные исследования и технологии''},
	location = {Москва, Россия},
	eventdate = {2018-01-30/2018-02-01},
	booktitle = {Ускорители заряженных частиц}
}

@inproceedings{Aksentev:LaPlas19,
	title = {Декогеренция спина в структуре с замороженным спином, её подавление и эффект на ЭДМ статистику в методе Frequency Domain},
	author = {А.Е. Аксентьев and Ю.В. Сеничев},
	eventtitle = {V Международная конференция ``Лазерные, плазменные исследования и технологии''},
	location = {Москва, Россия},
	eventdate = {2019-02-12/2019-02-15},
	booktitle = {Ускорители заряженных частиц}
}

@article{PAX,
	title = {The physics program of PAX at COSY},
	author = {Yury Valdau and Alexander Aksentyev and Dieter Eversheim and Bernd Lorentz},
	journal = {Journal of Physics: Conference Series},
	volume = {678},
	booktitle = {16th Workshop on High Energy Spin Physics (D-SPIN)},
	year = {2016},
	doi = {10.1088/1742-6596/678/1/012027},
	url = {https://iopscience.iop.org/article/10.1088/1742-6596/678/1/012027/meta}
}

@article{TRIC,
	title = {The Test of Time Reversal Invariance at COSY (TRIC)},
	author = {Alexander Aksentyev and Dieter Eversheim and Bernd Lorentz and Yury Valdau},
	journal = {Acta Physica Polonica B},
	volume = {48},
	year = {2017},
	month = {10},
	pages = {1925-1934},
	doi = {10.5506/APhysPolB.48.1925},
	issn = {0587-4254},
	url = {http://www.actaphys.uj.edu.pl/fulltext?series=Reg&vol=48&page=1925}
}